@book{Abramowitz:1974:HMF:1098650,
 author = {Abramowitz, Milton},
 title = {Handbook of Mathematical Functions, With Formulas, Graphs, and Mathematical Tables},
 year = {1974},
 pages = {"266-290"},
 isbn = {0486612724},
 publisher = {Dover Publications, Inc.},
 address = {New York, NY, USA},
}


